@incollection{sutcliffe1975fundamentals,
  title={Fundamentals of computational quantum chemistry},
  author={Sutcliffe, BT},
  booktitle={Computational Techniques in Quantum Chemistry and Molecular Physics},
  pages={1--105},
  year={1975},
  publisher={Springer}
}





@incollection{shavitt1963gaussian,
	title={The Gaussian function in calculations of statistical mechanics and quantum mechanics},
	author={Shavitt, Isaiah},
	booktitle={Methods of computational physics},
	volume={2},
	pages={1--45},
	year={1963},
	publisher={Academic Press},
	editor={B. Alder, S. Fernbach, and M. Rotenberg},
	adress={New York}
}



